<record><leader>00000cas a22000007a 4500</leader><controlfield tag="001">12764433</controlfield><controlfield tag="008">851106d19181919wiuwr ne      0    0eng d</controlfield><datafield ind1=" " ind2=" " tag="010"><subfield code="a">sn 85041295 </subfield></datafield><datafield ind1=" " ind2=" " tag="040"><subfield code="a">NPV</subfield><subfield code="b">eng</subfield><subfield code="c">NPV</subfield><subfield code="d">OCLCQ</subfield></datafield><datafield ind1=" " ind2=" " tag="042"><subfield code="a">msc</subfield></datafield><datafield ind1="0" ind2="0" tag="245"><subfield code="a">Brown County journal-news.</subfield></datafield><datafield ind1=" " ind2=" " tag="260"><subfield code="a">De Pere, Wis. :</subfield><subfield code="b">Kuypers Pub.,</subfield><subfield code="c">1918-</subfield></datafield><datafield ind1=" " ind2=" " tag="300"><subfield code="a">v. :</subfield><subfield code="b">ill.</subfield></datafield><datafield ind1=" " ind2=" " tag="310"><subfield code="a">Weekly</subfield></datafield><datafield ind1="0" ind2=" " tag="362"><subfield code="a">Vol. 2, no. 24 (Apr. 19, 1918)-</subfield></datafield><datafield ind1="1" ind2=" " tag="362"><subfield code="a">Ceased with Mar. 13, 1919 issue?</subfield></datafield><datafield ind1=" " ind2=" " tag="515"><subfield code="a">Volume and numbering dropped beginning with Apr. 26, 1918 issue.</subfield></datafield><datafield ind1=" " ind2=" " tag="752"><subfield code="a">United States</subfield><subfield code="b">Wisconsin</subfield><subfield code="c">Brown</subfield><subfield code="d">De Pere.</subfield></datafield><datafield ind1="0" ind2="0" tag="780"><subfield code="t">Brown County journal</subfield><subfield code="w">(DLC)sn 85041416</subfield></datafield><datafield ind1="1" ind2=" " tag="029"><subfield code="a">AU@</subfield><subfield code="b">000025293027</subfield></datafield></record>